%! Author = rickr
%! Date = 8/14/2021

@article{montanaro2020quantum,
    title={Quantum speedup of branch-and-bound algorithms},
    author={Montanaro, Ashley},
    journal={Physical Review Research},
    volume={2},
    number={1},
    pages={013056},
    year={2020},
    publisher={APS}
}
@article{baccari2020verifying,
    title={Verifying the output of quantum optimizers with ground-state energy lower bounds},
    author={Baccari, Flavio and Gogolin, Christian and Wittek, Peter and Ac{\'\i}n, Antonio},
    journal={Physical Review Research},
    volume={2},
    number={4},
    pages={043163},
    year={2020},
    publisher={APS}
}
@article{san2019new,
	title={A new branch-and-bound algorithm for the maximum edge-weighted clique problem},
	author={San Segundo, Pablo and Coniglio, Stefano and Furini, Fabio and Ljubi{\'c}, Ivana},
	journal={European Journal of Operational Research},
	volume={278},
	number={1},
	pages={76--90},
	year={2019},
	publisher={Elsevier}
}
@article{goerigk2013branch,
	title={Branch and bound algorithms for the bus evacuation problem},
	author={Goerigk, Marc and Gr{\"u}n, Bob and He{\ss}ler, Philipp},
	journal={Computers \& Operations Research},
	volume={40},
	number={12},
	pages={3010--3020},
	year={2013},
	publisher={Elsevier}
}
@book{cormen2009introduction,
	title={Introduction to algorithms},
	author={Cormen, Thomas H and Leiserson, Charles E and Rivest, Ronald L and Stein, Clifford},
	year={2009},
	publisher={MIT press}
}