%! Author = rickr
%! Date = 8/14/2021

@article{Dirac195388,
    title = "the lorentz transformation and absolute time",
    journal = "physics",
    volume = "19",
    year = "1953",
}
@article{montanaro2020quantum,
    title={Quantum speedup of branch-and-bound algorithms},
    author={Montanaro, Ashley},
    journal={Physical Review Research},
    volume={2},
    number={1},
    pages={013056},
    year={2020},
    publisher={APS}
}
@article{baccari2020verifying,
    title={Verifying the output of quantum optimizers with ground-state energy lower bounds},
    author={Baccari, Flavio and Gogolin, Christian and Wittek, Peter and Ac{\'\i}n, Antonio},
    journal={Physical Review Research},
    volume={2},
    number={4},
    pages={043163},
    year={2020},
    publisher={APS}
}